<?xml version="1.0" encoding="UTF-8"?><record xmlns="http://www.loc.gov/MARC21/slim" xmlns:cinclude="http://apache.org/cocoon/include/1.0" xmlns:zs="http://www.loc.gov/zing/srw/">
  <leader>00544cz  a2200133n  4500</leader>
  <controlfield tag="001">n  88653021 </controlfield>
  <controlfield tag="003">DLC</controlfield>
  <controlfield tag="005">19910422165417.6</controlfield>
  <controlfield tag="008">880803n| acannaab|          |n aaa |||  </controlfield>
  <datafield tag="010" ind1=" " ind2=" ">
    <subfield code="a">n  88653021 </subfield>
  </datafield>
  <datafield tag="040" ind1=" " ind2=" ">
    <subfield code="a">DLC</subfield>
    <subfield code="c">DLC</subfield>
    <subfield code="d">DLC</subfield>
  </datafield>
  <datafield tag="100" ind1="1" ind2="0">
    <subfield code="a">Streck, Wolf Rüdiger,</subfield>
    <subfield code="d">1931-</subfield>
  </datafield>
  <datafield tag="670" ind1=" " ind2=" ">
    <subfield code="a">nuc88-90011: His Chemische Industrie, 1984</subfield>
    <subfield code="b">(hdg. on PU rept.: Streck, Wolf Rüdiger, 1931- ; usage: Wolf Rüdiger Streck)</subfield>
  </datafield>
  <datafield tag="670" ind1=" " ind2=" ">
    <subfield code="a">His Ausstrahlung der Biotechnologie und Identifikation von Lücken in der deutschen Forschung, 1990:</subfield>
    <subfield code="b">t.p. (Wolf Rüdiger Streck)</subfield>
  </datafield>
</record>